@misc{data,
title = {Kaggle - Extreme Poverty dataset},
author = {Mathurin Ach√©},
howpublished = {\url{https://www.kaggle.com/datasets/mathurinache/extreme-poverty}},
note = {Accessed: 2025-03-12}
}

@misc{data2,
title = {Kaggle - Human Development Report 2015},
author = {United Nations Development Program},
howpublished = {\url{https://www.kaggle.com/datasets/undp/human-development}},
note = {Accessed: 2025-03-12}
}

@misc{hdi,
title = {Human Development Index},
author = {United Nations Development Program},
howpublished = {\url{https://hdr.undp.org/data-center/human-development-index#/indicies/HDI}},
note = {Accessed: 2025-03-12}
}