@misc{sdgs,
  title = {Sustainable Development},
  author = {United Nations Department of Economic and Social Affairs},
  howpublished = {\url{https://sdgs.un.org/}},
  note = {Accessed: 2025-03-03}
}

@misc{endpov,
title = {Ending Poverty},
author = {United Nations},
howpublished = {\url{https://www.un.org/en/global-issues/ending-poverty}},
note = {Accessed: 2025-03-03}
}

@misc{vizpov,
title = {End poverty in all its forms everywhere},
author = {United Nations Department of Economic and Social Affairs},
howpublished = {\url{https://sdgs.un.org/goals/goal1}},
note = {Accessed: 2025-03-03}
}