@misc{data,
title = {Kaggle - Extreme Poverty dataset},
author = {Mathurin Ach√©},
howpublished = {\url{https://www.kaggle.com/datasets/mathurinache/extreme-poverty}},
note = {Accessed: 2025-03-06}
}